@inproceedings{Luckhardt1986,
 author = {Luckhardt, Carol A. and Irani, Keki B.},
 title = {An Algorithmic Solution of N-person Games},
 booktitle = {Proceedings of the Fifth AAAI National Conference on Artificial Intelligence},
 series = {AAAI'86},
 year = {1986},
 location = {Philadelphia, Pennsylvania},
 pages = {158--162},
 numpages = {5},
 url = {http://dl.acm.org/citation.cfm?id=2887770.2887795},
 acmid = {2887795},
 publisher = {AAAI Press},
} 

@article{PEP484, 
    title={PEP 484 -- Type Hints}, 
    url={https://www.python.org/dev/peps/pep-0484/}, 
    journal={Python Enhancement proposals}, 
    author={van Rossum, Guido and Lehtosalo, Jukka and Langa, \Lukasz}, 
    year={2014}, month={Sep}
}

@article{Baxter1999,
  title={TDLeaf(lambda): Combining Temporal Difference Learning with Game-Tree Search},
  author={Jonathan Baxter and Andrew Tridgell and Lex Weaver},
  journal={CoRR},
  year={1999},
  volume={cs.LG/9901001}
}

@inproceedings{Sturtevant2000,
    title={On Pruning Techniques for Multi-Player Games},
    author={Nathan R. Sturtevant and Richard E. Korf},
    booktitle={AAAI/IAAI},
    year={2000}
}

@book{Nijssen2013,
    author    = "Nijssen, Joseph Antonius Maria",
    title     = "Monte-Carlo Tree Search for Multi-Player Games",
    publisher = "The Dutch Research School for Information and Knowledge Systems",
    year      = "2013",
    month     = "dec",
    ISBN      = "978-94-6169-452-2"
}